<record><leader>00000cas a22000007a 4500</leader><controlfield tag="001">20902871</controlfield><controlfield tag="008">900116d18931894mnuwr ne      0    0eng d</controlfield><datafield ind1=" " ind2=" " tag="010"><subfield code="a">sn 89064895 </subfield></datafield><datafield ind1=" " ind2=" " tag="040"><subfield code="a">MN#</subfield><subfield code="b">eng</subfield><subfield code="c">MN#</subfield><subfield code="d">OCLCQ</subfield><subfield code="d">OCLCF</subfield><subfield code="d">OCLCO</subfield></datafield><datafield ind1=" " ind2=" " tag="042"><subfield code="a">msc</subfield></datafield><datafield ind1=" " ind2=" " tag="043"><subfield code="a">n-us-mn</subfield></datafield><datafield ind1=" " ind2=" " tag="052"><subfield code="a">4144</subfield><subfield code="b">L16</subfield></datafield><datafield ind1=" " ind2=" " tag="052"><subfield code="a">4143</subfield><subfield code="b">I8</subfield></datafield><datafield ind1="0" ind2="0" tag="245"><subfield code="a">LaPrairie Itasca County news.</subfield></datafield><datafield ind1="1" ind2="3" tag="246"><subfield code="a">Itasca County news</subfield></datafield><datafield ind1="3" ind2="0" tag="246"><subfield code="a">La Prairie Itasca County news</subfield></datafield><datafield ind1=" " ind2=" " tag="260"><subfield code="a">La Prairie, Itasca County, Minn. :</subfield><subfield code="b">W.A. Thomas,</subfield><subfield code="c">1893-</subfield></datafield><datafield ind1=" " ind2=" " tag="300"><subfield code="a">v.</subfield></datafield><datafield ind1=" " ind2=" " tag="310"><subfield code="a">Weekly</subfield></datafield><datafield ind1="0" ind2=" " tag="362"><subfield code="a">3rd year, no. 13 (Sept. 16, 1893)-</subfield></datafield><datafield ind1="1" ind2=" " tag="362"><subfield code="a">Ceased in May 1894.</subfield></datafield><datafield ind1=" " ind2=" " tag="530"><subfield code="a">Available on microfilm from the Minnesota Historical Society.</subfield></datafield><datafield ind1=" " ind2="0" tag="651"><subfield code="a">La Prairie (Minn.)</subfield><subfield code="v">Newspapers.</subfield></datafield><datafield ind1=" " ind2="7" tag="655"><subfield code="a">Newspapers.</subfield><subfield code="2">fast</subfield><subfield code="0">(OCoLC)fst01423814</subfield></datafield><datafield ind1=" " ind2="7" tag="651"><subfield code="a">Minnesota</subfield><subfield code="z">La Prairie.</subfield><subfield code="2">fast</subfield><subfield code="0">(OCoLC)fst01254547</subfield></datafield><datafield ind1=" " ind2=" " tag="752"><subfield code="a">United States</subfield><subfield code="b">Minnesota</subfield><subfield code="c">Itasca</subfield><subfield code="d">La Prairie.</subfield></datafield><datafield ind1="0" ind2="0" tag="780"><subfield code="t">Prairie news</subfield><subfield code="w">(DLC)sn 89064894</subfield></datafield><datafield ind1="0" ind2="4" tag="785"><subfield code="t">Grand Rapids magnet</subfield><subfield code="w">(DLC)sn 89064900</subfield></datafield></record>